@misc{HTML,
  title = "HTML 5.1 Nightly",
  author = "W3C",
  note = "{\hfill\break{\tt http://www.w3.org/html/wg/drafts/html/master/single-page.html}}",
  year = "2013"
}

@misc{CSS21,
  title = "Cascading Style Sheets Level 2 Revision 1 (CSS 2.1) Specification",
  author = "W3C",
  note = "{\hfill\break{\tt http://www.w3.org/TR/CSS2/}}",
  year = "2011"
}

@misc{CakePHP,
  title = "CakePHP Documentation",
  author = "CakePHP",
  note = "{\hfill\break{\tt http://cakephp.org/pages/documentation}}",
  year = "2013"
}

@misc{PMVC,
  title = "Passive View",
  author = "Martin Fowler",
  note = "{\hfill\break{\tt http://martinfowler.com/eaaDev/PassiveScreen.html}}",
  year = "2006"
}

@misc{BudgetPulse,
  title = "Budget Pulse",
  author = "iSquare Inc",
  note = "{\hfill\break{\tt https://www.budgetpulse.com/}}",
  year = "2013"
}

@misc{Buxfer,
  title = "Buxfer",
  author = "Buxfer",
  note = "{\hfill\break{\tt https://www.buxfer.com/}}",
  year = "2013"
}

@misc{RQMoney,
  title = "RQ Money",
  author = "Slavomír Svetlík",
  note = "{\hfill\break{\tt http://www.rq.sk/}}",
  year = "2013"
}

@misc{EasyMoney,
  title = "Easy Money",
  author = "Handy Apps Inc.",
  note = "{\hfill\break{\tt https://play.google.com/store/apps/details?id=com.handyapps.easymoney}}",
  year = "2013"
}

@misc{MoneyLover,
  title = "Money Lover",
  author = "Bookmark",
  note = "{\hfill\break{\tt https://play.google.com/store/apps/details?id=com.bookmark.money}}",
  year = "2013"
}

@misc{ExpenseManager,
  title = "Expense Manager",
  author = "Bishinews",
  note = "{\hfill\break{\tt https://play.google.com/store/apps/details?id=com.expensemanager}}",
  year = "2013"
}

@misc{UvodMVC,
  title = "Úvod do architektury MVC",
  author = "Borek Bernard",
  note = "{\hfill\break{\tt http://www.zdrojak.cz/clanky/uvod-do-architektury-mvc/}}",
  year = "2009"
}
